<record><leader>00000cas a2200000 a 4500</leader><controlfield tag="001">31852163</controlfield><controlfield tag="008">950118c19719999azuwr ne      0    0eng d</controlfield><datafield ind1=" " ind2=" " tag="010"><subfield code="a">sn 95060505 </subfield></datafield><datafield ind1=" " ind2=" " tag="040"><subfield code="a">ANN</subfield><subfield code="b">eng</subfield><subfield code="c">ANN</subfield><subfield code="d">OCLCQ</subfield><subfield code="d">OCLCF</subfield><subfield code="d">OCLCO</subfield></datafield><datafield ind1="1" ind2=" " tag="029"><subfield code="a">AU@</subfield><subfield code="b">000011526790</subfield></datafield><datafield ind1=" " ind2=" " tag="042"><subfield code="a">msc</subfield></datafield><datafield ind1=" " ind2=" " tag="043"><subfield code="a">n-us-az</subfield></datafield><datafield ind1="0" ind2="0" tag="245"><subfield code="a">Florence reminder and blade-tribune.</subfield></datafield><datafield ind1="1" ind2=" " tag="246"><subfield code="i">Includes supplement:</subfield><subfield code="a">Tri-Valley dispatch</subfield><subfield code="f">1974-</subfield></datafield><datafield ind1=" " ind2=" " tag="260"><subfield code="a">Florence, Ariz. :</subfield><subfield code="b">Casa Grande Newspapers, Inc.,</subfield><subfield code="c">1971-</subfield></datafield><datafield ind1=" " ind2=" " tag="300"><subfield code="a">v. :</subfield><subfield code="b">ill.</subfield></datafield><datafield ind1=" " ind2=" " tag="310"><subfield code="a">Weekly</subfield></datafield><datafield ind1="0" ind2=" " tag="362"><subfield code="a">Vol. 89., no. 7 (June 17, 1971)-</subfield></datafield><datafield ind1=" " ind2=" " tag="580"><subfield code="a">Printed in Casa Grande, Ariz., at the office of: Casa Grande Newspapers, Inc., for distribution in Florence, Ariz.</subfield></datafield><datafield ind1=" " ind2=" " tag="580"><subfield code="a">Formed by the merger of: Florence weekly reminder, and: Florence blade-tribune.</subfield></datafield><datafield ind1=" " ind2="0" tag="651"><subfield code="a">Florence (Ariz.)</subfield><subfield code="v">Newspapers.</subfield></datafield><datafield ind1=" " ind2="0" tag="651"><subfield code="a">Pinal County (Ariz.)</subfield><subfield code="v">Newspapers.</subfield></datafield><datafield ind1=" " ind2="7" tag="655"><subfield code="a">Newspapers.</subfield><subfield code="2">fast</subfield><subfield code="0">(OCoLC)fst01423814</subfield></datafield><datafield ind1=" " ind2="7" tag="651"><subfield code="a">Arizona</subfield><subfield code="z">Florence.</subfield><subfield code="2">fast</subfield><subfield code="0">(OCoLC)fst01255234</subfield></datafield><datafield ind1=" " ind2="7" tag="651"><subfield code="a">Arizona</subfield><subfield code="z">Pinal County.</subfield><subfield code="2">fast</subfield><subfield code="0">(OCoLC)fst01206040</subfield></datafield><datafield ind1=" " ind2=" " tag="752"><subfield code="a">United States</subfield><subfield code="b">Arizona</subfield><subfield code="c">Pinal</subfield><subfield code="d">Florence.</subfield></datafield><datafield ind1="0" ind2=" " tag="770"><subfield code="t">Tri-Valley dispatch (Casa Grande, Ariz.)</subfield><subfield code="g">1974</subfield><subfield code="w">(DLC)sn 94050541</subfield></datafield><datafield ind1="1" ind2="4" tag="780"><subfield code="t">Florence weekly reminder</subfield><subfield code="w">(DLC)sn 95060504</subfield></datafield><datafield ind1="1" ind2="4" tag="780"><subfield code="t">Florence blade-tribune</subfield><subfield code="w">(DLC)sn 95060502</subfield></datafield></record>